 $manual{oetiket2007lshort,
     author = {Oetiket, T. and Partl, H. and Hyna and Schlegl, E.},
     title = {The not-so-short introduction to Latex},
     url = {http://www.ctan.org/tex-archive/info/lshort/english/lshort.pdf}
 }
 
 $Manual{downes2002shortams,
   title = 	 {{Short Math Guide for \LaTeX{}}},
   author = 	 {Downes,, Michael},
   organization = {American Mathematical Society},
   year = 	 {2002},
   url = 	 {ftp://ftp.ams.org/pub/tex/doc/amsmath/short-math-guide.pdf}
 }
 
 $Book{ungar2002uvod,
   author = 	 {Šime Ungar},
   title = 	 {{Uvod u \TeX{} s naglaskom na \LaTeX 2$\epsilon$}},
   publisher = 	 {Odjel za matematiku, Sveučilište J.J.\ Strossmayera u Osijeku},
   year = 	 {2002}
 }

@inproceedings{mirai_basic_an,
  author          = {Sinanović, Hamdija and Mrdovic, Sasa},
  title           = {Analysis of Mirai Malicious Software},
  booktitle       = {2017 25th International Conference on Software, Telecommunications and Computer Networks (SoftCOM)},
  editor          = {},
  year            = {2017},
  pages           = {1-5}
}

@misc{mirai_src,
  author       = {Paras Jha, Josiah White i Dalton Norman},
  title        = {Mirai Malware},
  url          = {https://github.com/jgamblin/Mirai-Source-Code},
  year         = {2016}
}

@misc{mirai_main,
  author          = {Najah Ben Said, Fabrizio Biondi, Vesselin Bontchev},
  title           = {Detection of Mirai by Syntactic and Semantic Analysis},
  journal         = {HAL Id: hal-01629040},
  year            = {2017}
}

@misc{raspbian_arm,
  title     = {Operating Systems - Raspberry PI},
  url       = {https://www.raspberrypi.org/software/operating-systems/},
  author    = {Raspberry PI Foundation},
  year         = {2021},
}

@misc{armel,
  author       = {The Debian Project},
  title        = {Debian -- ARM Ports},
  url          = {https://www.debian.org/ports/arm/},
  year         = {2021},
}

@book{practical_iot_sec,
  author         = {Brian Russell, Drew Van Duren},
  title          = {Practical Internet of Things Security},
  publisher      = {Packt Publishing Ltd},
  year           = {2016}
}

@article{critical_iot,
  author          = {Ansam Khraisat, Ammar Alazab},
  title           = {A critical review of intrusion detection systems in the internet of things: techniques, deployment strategy, validation strategy, attacks, public datasets and challenges},
  journal         = {Cybersecurity},
  volume          = {4},
  number          = {1},
  year            = {2021}
}

@Inbook{Ling2020,
author="Ling, Zhen
and Xu, Yiling
and Jin, Yier
and Zou, Cliff
and Fu, Xinwen",
title="New Variants of Mirai and Analysis",
bookTitle="Encyclopedia of Wireless Networks",
year="2020",
publisher="Springer International Publishing",
address="Cham",
pages="1--8",
isbn="978-3-319-32903-1",
doi="10.1007/978-3-319-32903-1_174-1",
url="https://doi.org/10.1007/978-3-319-32903-1_174-1"
}

@inproceedings{shoshitaishvili2016state,
  title={{SoK: (State of) The Art of War: Offensive Techniques in Binary Analysis}},
  author={Shoshitaishvili, Yan and Wang, Ruoyu and Salls, Christopher and
          Stephens, Nick and Polino, Mario and Dutcher, Audrey and Grosen, John and
          Feng, Siji and Hauser, Christophe and Kruegel, Christopher and Vigna, Giovanni},
  booktitle={IEEE Symposium on Security and Privacy},
  year={2016}
}


@misc{sora_unstable,
  author       = {TrendMicro},
  title        = {SORA and UNSTABLE: 2 Mirai Variants Target Video Surveillance Storage Systems},
  howpublished = {techreport},
  year         = {2020},
  url          = {https://www.trendmicro.com/vinfo/us/security/news/internet-of-things/sora-and-unstable-2-mirai-variants-target-video-surveillance-storage-systems}
}

@misc{strace_url,
  author       = {Paul Kranenburg and Dmitry Levin},
  title        = {strace},
  url          = {https://github.com/strace/strace},
  year         = {2021}
}

@misc{readlink_doc,
  author       = {Linux Foundation},
  title        = {readlink(2) Linux User's Manual},
  howpublished = {},
  url          = {https://man7.org/linux/man-pages/man2/readlink.2.html},
  year         = {2021}
}

@misc{nyt2019,
  author          = {Stuart A. Thompson, Charlie Warzel},
  title           = {Twelve Million Phones, One Dataset, Zero Privacy},
  url         = {https://www.nytimes.com/interactive/2019/12/19/opinion/location-tracking-cell-phone.html},
  year            = {2019}
}

@article{rnn_op,
title = {A deep Recurrent Neural Network based approach for Internet of Things malware threat hunting},
journal = {Future Generation Computer Systems},
volume = {85},
pages = {88-96},
year = {2018},
issn = {0167-739X},
doi = {https://doi.org/10.1016/j.future.2018.03.007},
url = {https://www.sciencedirect.com/science/article/pii/S0167739X1732486X},
author = {Hamed HaddadPajouh and Ali Dehghantanha and Raouf Khayami and Kim-Kwang Raymond Choo},
}

@article{rnn_op2,
  author          = {Darabian Hamid, et al.},
  title           = {An opcode-based technique for polymorphic Internet of Things malware detection},
  journal          = {Concurr. Comput.: Pract. Exper. },
  year            = {2019}
}

@article{NGO2020280,
title = {A survey of IoT malware and detection methods based on static features},
journal = {ICT Express},
volume = {6},
number = {4},
pages = {280-286},
year = {2020},
issn = {2405-9595},
doi = {https://doi.org/10.1016/j.icte.2020.04.005},
url = {https://www.sciencedirect.com/science/article/pii/S2405959520300503},
author = {Quoc-Dung Ngo and Huy-Trung Nguyen and Van-Hoang Le and Doan-Hieu Nguyen},
keywords = {Internet of Things (IoT), Static-based, IoT botnet malware, Survey detection},
}

@article{unique_scirep,
  author          = {Yves-Alexandre de Montjoye, Cesar A. Hidalgo},
  title           = {Unique in the Crowd: The privacy bounds of human mobility},
  journal         = {Scientific Reports},
  volume          = {3},
  number          = {1376},
  year            = {2013}
}

@techreport{owasp_iot,
  author      = {Daniel Miessler, Craig Smith},
  title       = {OWASP Internet of Things Project},
  url         = {https://wiki.owasp.org/index.php/OWASP_Internet_of_Things_Project#tab=IoT_Top_10},
  institution = {OWASP},
  year        = {2018}
}

@misc{zhou_2019, 
  title={Jokeren/gBolt}, 
  url={https://github.com/Jokeren/gBolt}, 
  journal={GitHub}, 
  author={Zhou, Keren}, 
  year={2019}
} 

@InProceedings{tampering,
author="Becher, Alexander
and Benenson, Zinaida
and Dornseif, Maximillian",
editor="Clark, John A.
and Paige, Richard F.
and Polack, Fiona A. C.
and Brooke, Phillip J.",
title="Tampering with Motes: Real-World Physical Attacks on Wireless Sensor Networks",
booktitle="Security in Pervasive Computing",
year="2006",
publisher="Springer Berlin Heidelberg",
address="Berlin, Heidelberg",
pages="104--118",
isbn="978-3-540-33377-7"
}

@InProceedings{hello_att,
author="Gill, Reenkamal Kaur
and Sachdeva, Monika",
editor="Lobiyal, Daya K.
and Mansotra, Vibhakar
and Singh, Umang",
title="Detection of Hello Flood Attack on LEACH in Wireless Sensor Networks",
booktitle="Next-Generation Networks",
year="2018",
publisher="Springer Singapore",
address="Singapore",
pages="377--387",
isbn="978-981-10-6005-2"
}

@misc{hb_sur,
  author       = {Victor Julien},
  title        = {Detecting OpenSSL Heartbleed with Suricata},
  url = {https://blog.inliniac.net/2014/04/08/detecting-openssl-heartbleed-with-suricata/},
  year         = {2014}
}

@misc{dark_nexus,
  author       = {Alessandro Di Pinto},
  title        = {Dark Nexus IoT Botnet: Analyzing and Detecting its Network Activity},
  url          = {https://www.nozominetworks.com/blog/dark-nexus-iot-botnet-analyzing-and-detecting-its-network-activity/}, 
  year         = {2020}
}

@misc{dylan_mirai,
  title       = {Study of Common Sub-graphs of System Call Dependency Graphs for Malware Classification},
  author        = {Dylan Marinho},
  year         = {2018},
  doi          = {hal-03147651f},
}

@misc{mb_hb,
  author       = {Gilad Maayan},
  title        = {Five years later, Heartbleed vulnerability still unpatched},
  url = {https://blog.malwarebytes.com/exploits-and-vulnerabilities/2019/09/everything-you-need-to-know-about-the-heartbleed-vulnerability/},
  year         = {2019}
}

@misc{dolphin_att,
author       = {Nirupam Roy, Sheng Shen, Haitham Hassanieh et al},
  title        = {Inaudible Voice Commands: The Long-Range Attack and Defense
},
  url          = {https://blog.acolyer.org/2018/05/11/inaudible-voice-commands-the-long-range-attack-and-defense/},
  year         = {2018}
}

@misc{iot_inspector,
  author       = {IoTInspector},
  title        = {Advisory: Multiple Issues in Realtek SDK Affects Hundreds of Thousands of Devices Down the Supply Chain
},
  url          = {https://www.iot-inspector.com/blog/advisory-multiple-issues-realtek-sdk-iot-supply-chain/},
  year         = {2021}
}

@INPROCEEDINGS{7841922,
  author={Namvar, Nima and Saad, Walid and Bahadori, Niloofar and Kelley, Brian},
  booktitle={2016 IEEE Global Communications Conference (GLOBECOM)}, 
  title={Jamming in the Internet of Things: A Game-Theoretic Perspective}, 
  year={2016},
  volume={},
  number={},
  pages={1-6},
  doi={10.1109/GLOCOM.2016.7841922}}

@misc{ooman_arch,
  author       = {Ohad Oman},
  title        = {Internet of Things and Device Management Protocols, Clients and Servers},
  year         = {2017}
}

@misc{quickspan,
  author       = {INFRIA},
  title        = {quickSpan},
  journal      = {Infria},
  url          = {https://gitlab.inria.fr/Quickspan/quickspan},
  year         = {2017}
}

@misc{grijanje_dd,
  author       = {Rade Popadić},
  title        = {Širi se glasina da je netko “namještao” temperaturu zraka na Marjanu zbog klađenja},
  url = {https://www.dalmacijadanas.hr/cijeli-split-prica-o-ovome-siri-se-glasina-da-je-netko-namjestao-temperaturu-zraka-na-marjanu-zbog-kladenja-oglasila-se-policija/},
  year         = {2021}
}

@misc{cflare_mirai,
  author       = {Cloudflare},
  title        = {Inside the infamous Mirai IoT Botnet: A Retrospective Analysis},
  url = {https://blog.cloudflare.com/inside-mirai-the-infamous-iot-botnet-a-retrospective-analysis/},
  year         = {2017}
}